<?xml version="1.0" encoding="UTF-8"?><collection xmlns="http://www.loc.gov/MARC21/slim"><record><leader>00377nam--2200109-i-4500</leader><controlfield tag="001">000004568</controlfield><controlfield tag="002">20161230</controlfield><controlfield tag="005">20161230201026</controlfield><controlfield tag="008">060222s1000------------r-----000-0-eng-d</controlfield><datafield ind1=" " ind2=" " tag="245"><subfield code="a">Catalog de preturi unitare pe articole de devi z pentru lucrari de alimentare cu apa si canal izare. ac-1959</subfield></datafield><datafield ind1=" " ind2=" " tag="260"><subfield code="a">Bucuresti, Inst.De Proiect. Pt. Constr. Hidrot Ehnice, 1959. 51 P</subfield></datafield><datafield ind1=" " ind2=" " tag="852"><subfield code="a">6117</subfield></datafield></record></collection>